@article{geographical_threshold,
    author =       "Naoki Masuda, Hiroyoshi Miwa, Norio Konno",
    title =        "Geographical threshold graphs with small-world and scale-free properties",
    journal =      "Physical Review E",
    volume =       "71",
    year =         "2005"
}

@book{barthelemy,
author = "Marc Barthelemy",
publisher = "Springer International Publishing",
title = "Morphogenesis of Spatial Networks",
year = "2018"
}

@article{social,
author = "Peter D. Hoff and Adrian E. Raftery and Mark S. Handcock. ",
title = "Latent space approaches to social network analysis.",
journal = "Journal of the American Statistical Association",
volume = "97",
year = "2002",
pages = "1090-1098",
issue ="460"
}

@article{yusuke,
author = "Ide, Yusuke and Konno, Norio and Obata, Nobuaki",
title = "Spectral Properties of the Threshold Network Model",
journal = "arXiv",
year = "2009",
pages = "173-187"
}

@article{barbosa,
    author =       "Hugo Barbosa and Marc Barthelemy and Gourab Ghoshal",
    title =        "Human mobility: Models and applications",
    journal =      "Physics Reports",
    volume =       "734",
    year =         "2018",
    pages = "1-74"
}

@article{boguna,
author = "Mari√°n Bogu{\~n}a and Romualdo Pastor-Satorras",
title = "Class of correlated random networks with hidden variables",
journal = "Phys Rev E",
year = "2003", 
volume = "68"
}

@article{caldarelli,
author = "G. Caldarelli and A. Capocci and P. De Los Rios and M. A. Munoz",
title = "Scale-free networks from varying vertex intrinsic fitness",
year = "2002",
journal = "Phys Rev Lett",
volume = "89"
}

@article{frank,
author = "Steven A. Frank",
year = "2009",
journal = "J Evol Biol",
title = "The Common Patterns of Nature",
volume = "22",
issue = 8,
pages = "1563-1585"
}

@article{aiello,
author = "W. Aiello and A. Bonato and C. Cooper and J. Janssen and P. Pralat",
title = "A spatial web graph model with local influence regions",
year = "2009",
journal = "Internet Mathematics",
volume = "5"
}

@article{emmanuel,
author = "Jacob Emmanuel and Peter M{\"o}rters",
year = "2015",
title = "Spatial preferential attachment networks: power laws and clustering coefficients",
journal = "The Annals of Applied Probability",
volume = "25",
number = "2",
page = "632-662"
}

@article{fosdick,
author = "Bailey K. Fosdick and Daniel B. Larremore and Joel Nishimura and Johan Ugander",
year = "2018",
title = "Configuring Random Graph Models with Fixed Degree Sequence",
journal = "SIAM Review",
volume = "60",
number = "2",
pages = "315-355"
}

@article{rgg,
author = "Jesper Dal and Michael Christensen",
journal = "arXiv",
year = "2008",
title = "Random Geometric Graphs"
}

@article{fungal_data,
author = "Sang Hoon Lee and Mark D. Fricker and Mason A. Porter",
year = "2017",
journal = "Journal of Complex Networks",
volume = "5",
number = "1",
pages = "145--159"
}

@article{road_data,
author = "Sang Hoon Lee and Peter Holme",
year = "2012",
journal = "Phys. Rev. Lett.",
volume = "108",
title = "Exploring maps with greedy navigators",
issue = "12
}

@article{BA,
author= "Albert-L'aszl\'o Barab\'asi and R\'eka Albert",
title = "Emergence of Scaling in Random Networks",
journal = "arXiv",
year = "1999"
}